@book{livro,
  author    = {Gustavo Vidaletti},
  publisher = {Publicador},
  title     = {Titulo do livro},
  year      = {2005}
}

@article{artigo,
  author  = {Gustavo Vidaletti},
  journal = {Journal},
  number  = {2},
  title   = {Título do Artigo},
  volume  = {1},
  year    = {2023}
}

@misc{site,
  author       = {Gustavo},
  howpublished = {Disponível em \url{https://google.com}. Accesso em 14 de Setembro de 2023},
  title        = {Google},
  year         = {2023}
}